<?xml version="1.0" encoding="UTF-8"?><collection xmlns="http://www.loc.gov/MARC21/slim"><record><leader>00589nam--2200205-u-4500</leader><controlfield tag="001">000056688</controlfield><controlfield tag="002">20161230</controlfield><controlfield tag="005">20161230201052</controlfield><controlfield tag="008">160412s1000------------r-----000-0-eng-d</controlfield><datafield ind1=" " ind2=" " tag="040"><subfield code="a">IFIN-HH</subfield></datafield><datafield ind1=" " ind2=" " tag="041"><subfield code="a">eng</subfield></datafield><datafield ind1=" " ind2=" " tag="080"><subfield code="a">530.1</subfield></datafield><datafield ind1="1" ind2=" " tag="100"><subfield code="a">Morse, Philip M</subfield></datafield><datafield ind1="1" ind2="0" tag="245"><subfield code="a">Methods of theoretical physics part I Chapter 1 to 8</subfield><subfield code="c">Philip M. Morse, Herman Feshbach</subfield></datafield><datafield ind1=" " ind2=" " tag="260"><subfield code="a">New York, Toronto, Londodn</subfield><subfield code="b">McGraw-Hill Book Company,Inc</subfield><subfield code="c">1953</subfield></datafield><datafield ind1=" " ind2=" " tag="300"><subfield code="a">VIII+997+XL</subfield></datafield><datafield ind1="1" ind2=" " tag="700"><subfield code="a">Morse, Philip M</subfield></datafield><datafield ind1=" " ind2=" " tag="700"><subfield code="a">Feshbach, Herman</subfield></datafield><datafield ind1=" " ind2=" " tag="852"><subfield code="a">10283</subfield><subfield code="c">530.1</subfield></datafield><datafield ind1=" " ind2=" " tag="CAT"><subfield code="a">Sys</subfield><subfield code="c">20160412</subfield><subfield code="h">151233</subfield></datafield></record></collection>